@proceedings{balyo2020proceedings,
	title={Proceedings of SAT Competition 2020: Solver and Benchmark Descriptions},
	editor={Balyo, Tom{\'a}{\v{s}} and Froleyks, Nils and Heule, Marijn J. H. and Iser, Markus and J{\"a}rvisalo, Matti and Suda, Martin},
	year={2020},
	publisher = {Department of Computer Science, University of Helsinki},
	url={http://hdl.handle.net/10138/318754}
}

@proceedings{balyo2021proceedings,
	title={Proceedings of SAT Competition 2021: Solver and Benchmark Descriptions},
	editor={Balyo, Tom{\'a}{\v{s}} and Froleyks, Nils and Heule, Marijn J. H. and Iser, Markus and J{\"a}rvisalo, Matti and Suda, Martin},
	year={2021},
	publisher = {Department of Computer Science, University of Helsinki},
	url={http://hdl.handle.net/10138/333647}
}

@article{breiman2001random,
	title={Random Forests},
	author={Breiman, Leo},
	journal={Mach. Learn.},
	volume={45},
	number={1},
	pages={5--32},
	year={2001},
	doi={10.1023/A:1010933404324}
}

@article{gorodkin2004comparing,
	title={Comparing two K-category assignments by a K-category correlation coefficient},
	author={Gorodkin, Jan},
	journal={Comput. Biol. Chem.},
	volume={28},
	number={5--6},
	pages={367--374},
	year={2004},
	doi={10.1016/j.compbiolchem.2004.09.006}
}

@article{iser2020collaborative,
	title={Collaborative Management of Benchmark Instances and their Attributes},
	author={Iser, Markus and Springer, Luca and Sinz, Carsten},
	journal={arXiv preprint arXiv:2009.02995},
	year={2020},
	url={https://arxiv.org/abs/2009.02995}
}

@article{matthews1975comparison,
	title={Comparison of the predicted and observed secondary structure of {T4} phage lysozyme},
	author={Matthews, Brian W.},
	journal={Biochim. Biophys. Acta - Protein Struct.},
	volume={405},
	number={2},
	pages={442--451},
	year={1975},
	doi={10.1016/0005-2795(75)90109-9}
}

@misc{python-mip,
	author = {Santos, Haroldo G. and Toffolo, T{\'u}lio A. M.},
	title = {{Python-MIP}},
	url = {https://python-mip.com/},
	date = {2021-06-01},
}

@article{scikit-learn,
	title={Scikit-learn: Machine Learning in {P}ython},
	author={Fabian Pedregosa and Ga{{\"e}}l Varoquaux and Alexandre Gramfort and Vincent Michel and Bertrand Thirion and Olivier Grisel and Mathieu Blondel and Peter Prettenhofer and Ron Weiss and Vincent Dubourg and Jake Vanderplas and Alexandre Passos and David Cournapeau and Matthieu Brucher and Matthieu Perrot and {{\'E}}douard Duchesnay},
	journal={J. Mach. Learn. Res.},
	volume={12},
	number={85},
	pages={2825--2830},
	year={2011},
	url={http://jmlr.org/papers/v12/pedregosa11a.html}
}

@inproceedings{xgboost,
	title={{XGBoost}: A Scalable Tree Boosting System},
	author={Chen, Tianqi and Guestrin, Carlos},
	booktitle={Proc. KDD},
	location={San Francisco, CA, USA},
	pages={785--794},
	year={2016},
	doi={10.1145/2939672.2939785}
}

@techreport{xu2012features,
	author={Xu, Lin and Hutter, Frank and Hoos, Holger and Leyton-Brown, Kevin},
	title={Features for {SAT}},
	institution={University of British Columbia},
	year={2012},
	url={https://www.cs.ubc.ca/labs/beta/Projects/SATzilla/Report_SAT_features.pdf}
}

@inproceedings{xu2012satzilla2012,
	title={{SATzilla2012}: Improved Algorithm Selection Based on Cost-sensitive Classification Models},
	author={Xu, Lin and Hutter, Frank and Shen, Jonathan and Hoos, Holger H. and Leyton{-}Brown, Kevin},
	booktitle={Proc. SAT Challenge},
	pages={57--58},
	year={2012},
	url={http://hdl.handle.net/10138/34218}
}
