@article{iser2020collaborative,
	title={Collaborative Management of Benchmark Instances and their Attributes},
	author={Iser, Markus and Springer, Luca and Sinz, Carsten},
	journal={arXiv preprint arXiv:2009.02995},
	year={2020}
}

@article{nemhauser1978analysis,
	title={An analysis of approximations for maximizing submodular set functions—I},
	author={Nemhauser, George L and Wolsey, Laurence A and Fisher, Marshall L},
	journal={Mathematical programming},
	volume={14},
	number={1},
	pages={265--294},
	year={1978},
	publisher={Springer}
}

@article{krause2014submodular,
	title={Submodular function maximization.},
	author={Krause, Andreas and Golovin, Daniel},
	journal={Tractability},
	volume={3},
	pages={71--104},
	year={2014}
}


@misc{python-mip,
	author = {Santos, Haroldo G. and Toffolo, Túlio A. M.},
	title = {Python-MIP},
	url = {https://python-mip.com/},
	date = {2021-06-01},
}

@article{scikit-learn,
	title={Scikit-learn: Machine Learning in {P}ython},
	author={Pedregosa, F. and Varoquaux, G. and Gramfort, A. and Michel, V.
	and Thirion, B. and Grisel, O. and Blondel, M. and Prettenhofer, P.
	and Weiss, R. and Dubourg, V. and Vanderplas, J. and Passos, A. and
	Cournapeau, D. and Brucher, M. and Perrot, M. and Duchesnay, E.},
	journal={Journal of Machine Learning Research},
	volume={12},
	pages={2825--2830},
	year={2011}
}
